<?xml version="1.0" encoding="UTF-8"?><collection xmlns="http://www.loc.gov/MARC21/slim"><record><leader>00440nam--2200133-i-4500</leader><controlfield tag="001">000034948</controlfield><controlfield tag="002">20161230</controlfield><controlfield tag="005">20161230201040</controlfield><controlfield tag="008">060222s1000------------r-----000-0-eng-d</controlfield><datafield ind1=" " ind2=" " tag="080"><subfield code="a">69.725.4(082)</subfield></datafield><datafield ind1=" " ind2=" " tag="245"><subfield code="a">Noutati in consstructiile industriale. trad.din literatura sovietica de specialitate</subfield></datafield><datafield ind1=" " ind2=" " tag="260"><subfield code="a">Bucuresti, Ed.Acad.Rsr, 1955, 203p</subfield></datafield><datafield ind1=" " ind2=" " tag="490"><subfield code="a">Acad.Rpr, I.S.R.S., Biblioteca Analelor Romano-sovietice, Seria Tehnica</subfield></datafield><datafield ind1=" " ind2=" " tag="852"><subfield code="a">5898</subfield></datafield></record></collection>